@article{DBLP:conf/aaai/ChoiXLDFXD20,
  author    = {Edward Choi and
               Zhen Xu and
               Yujia Li and
               Michael Dusenberry and
               Gerardo Flores and
               Emily Xue and
               Andrew M. Dai},
  title     = {Learning the Graphical Structure of Electronic Health Records with
               Graph Convolutional Transformer},
  booktitle = {The Thirty-Fourth {AAAI} Conference on Artificial Intelligence, {AAAI}
               2020, The Thirty-Second Innovative Applications of Artificial Intelligence
               Conference, {IAAI} 2020, The Tenth {AAAI} Symposium on Educational
               Advances in Artificial Intelligence, {EAAI} 2020, New York, NY, USA,
               February 7-12, 2020},
  pages     = {606--613},
  publisher = {{AAAI} Press},
  year      = {2020},
  url       = {https://ojs.aaai.org/index.php/AAAI/article/view/5400},
  timestamp = {Sat, 06 Aug 2022 22:05:43 +0200},
  biburl    = {https://dblp.org/rec/conf/aaai/ChoiXLDFXD20.bib},
  bibsource = {dblp computer science bibliography, https://dblp.org}
}

@article{DBLP:conf/nips/ChoiXSS18,
  author    = {Edward Choi and
               Cao Xiao and
               Walter F. Stewart and
               Jimeng Sun},
  editor    = {Samy Bengio and
               Hanna M. Wallach and
               Hugo Larochelle and
               Kristen Grauman and
               Nicol{\`{o}} Cesa{-}Bianchi and
               Roman Garnett},
  title     = {MiME: Multilevel Medical Embedding of Electronic Health Records for
               Predictive Healthcare},
  booktitle = {Advances in Neural Information Processing Systems 31: Annual Conference
               on Neural Information Processing Systems 2018, NeurIPS 2018, December
               3-8, 2018, Montr{\'{e}}al, Canada},
  pages     = {4552--4562},
  year      = {2018},
  url       = {https://proceedings.neurips.cc/paper/2018/hash/934b535800b1cba8f96a5d72f72f1611-Abstract.html},
  timestamp = {Mon, 30 Jan 2023 15:29:03 +0100},
  biburl    = {https://dblp.org/rec/conf/nips/ChoiXSS18.bib},
  bibsource = {dblp computer science bibliography, https://dblp.org}
}

@article{DBLP:conf/bcb/JohnsonPCM17,
  author    = {Alistair E. W. Johnson and
               Tom J. Pollard and
               Leo A. Celi and
               Roger G. Mark},
  editor    = {Nurit Haspel and
               Lenore J. Cowen and
               Amarda Shehu and
               Tamer Kahveci and
               Giuseppe Pozzi},
  title     = {Analyzing the eICU Collaborative Research Database},
  booktitle = {Proceedings of the 8th {ACM} International Conference on Bioinformatics,
               Computational Biology, and Health Informatics, {BCB} 2017, Boston,
               MA, USA, August 20-23, 2017},
  pages     = {631},
  publisher = {{ACM}},
  year      = {2017},
  url       = {https://doi.org/10.1145/3107411.3107494},
  doi       = {10.1145/3107411.3107494},
  timestamp = {Sun, 25 Jul 2021 11:49:34 +0200},
  biburl    = {https://dblp.org/rec/conf/bcb/JohnsonPCM17.bib},
  bibsource = {dblp computer science bibliography, https://dblp.org}
}

@article{DBLP:conf/nips/VaswaniSPUJGKP17,
  author    = {Ashish Vaswani and
               Noam Shazeer and
               Niki Parmar and
               Jakob Uszkoreit and
               Llion Jones and
               Aidan N. Gomez and
               Lukasz Kaiser and
               Illia Polosukhin},
  editor    = {Isabelle Guyon and
               Ulrike von Luxburg and
               Samy Bengio and
               Hanna M. Wallach and
               Rob Fergus and
               S. V. N. Vishwanathan and
               Roman Garnett},
  title     = {Attention is All you Need},
  booktitle = {Advances in Neural Information Processing Systems 30: Annual Conference
               on Neural Information Processing Systems 2017, December 4-9, 2017,
               Long Beach, CA, {USA}},
  pages     = {5998--6008},
  year      = {2017},
  url       = {https://proceedings.neurips.cc/paper/2017/hash/3f5ee243547dee91fbd053c1c4a845aa-Abstract.html},
  timestamp = {Thu, 21 Jan 2021 15:15:21 +0100},
  biburl    = {https://dblp.org/rec/conf/nips/VaswaniSPUJGKP17.bib},
  bibsource = {dblp computer science bibliography, https://dblp.org}
}

@article{DBLP:journals/corr/KingmaB14,
  author       = {Diederik P. Kingma and
                  Jimmy Ba},
  editor       = {Yoshua Bengio and
                  Yann LeCun},
  title        = {Adam: {A} Method for Stochastic Optimization},
  booktitle    = {3rd International Conference on Learning Representations, {ICLR} 2015,
                  San Diego, CA, USA, May 7-9, 2015, Conference Track Proceedings},
  year         = {2015},
  url          = {http://arxiv.org/abs/1412.6980},
  timestamp    = {Thu, 25 Jul 2019 14:25:37 +0200},
  biburl       = {https://dblp.org/rec/journals/corr/KingmaB14.bib},
  bibsource    = {dblp computer science bibliography, https://dblp.org}
}


@article{DBLP:journals/corr/KipfW16,
  author       = {Thomas N. Kipf and
                  Max Welling},
  title        = {Semi-Supervised Classification with Graph Convolutional Networks},
  journal      = {CoRR},
  volume       = {abs/1609.02907},
  year         = {2016},
  url          = {http://arxiv.org/abs/1609.02907},
  eprinttype    = {arXiv},
  eprint       = {1609.02907},
  timestamp    = {Mon, 13 Aug 2018 16:48:31 +0200},
  biburl       = {https://dblp.org/rec/journals/corr/KipfW16.bib},
  bibsource    = {dblp computer science bibliography, https://dblp.org}
}

@article{pyhealth2022github,
    author = {Chaoqi Yang and Zhenbang Wu and Patrick Jiang and Zhen Lin and Jimeng Sun},
    title = {{PyHealth}: A Deep Learning Toolkit for Healthcare Predictive Modeling},
    url = {https://github.com/sunlabuiuc/PyHealth},
    year = {2022},
    month = {09},
    organization = {SunLab, UIUC},
}